@book{McNamee,
  language = { english },
  title = {  Numerical methods for roots of polynomials 1 },
  author = {J.M. McNamee},
  year = { 2007 },
}


@book{Strengrus,
  language = { russian },
  title = { Линейная алгебра и её применения },
  author = {Гилберт Стренг},
  year = { 1980 },
  publisher = { Мир },
}

@book{KostMan,
  language = { russian },
  title = { Линейная алгебра и геометрия },
  author = {А. И. Кострикин, Ю.И. Манин },
  year = { 1980 },
}

@book{Meyer,
  language = { english },
  title = { Matrix analysis and applied linear algebra },
  author = {C.D.Meyer},
  year = { 2000 },
  publisher = { SIAM },
}

@book{Higham,
  language = { english },
  title = { Accuracy and Stability of Numerical Algorithms },
  author = { N.J.Higham },
  year = { 2002 },
  publisher = { SIAM },
}

@book{GolubVanloan,
  language = { english },
  title = { Matrix Computations },
  author = { G. H. Golub, C. F. Van Loan },
  year = { 2012 },
  publisher = { Johns Hopkins University Press },
}

@article{StrassenGauss,
  language = { english },
  title = { Gaussian elimination is not optimal },
  author = { V. Strassen },
  year = { 1969 },
  journal = { Numerische Mathematik },
  pages = { 354–356 },
  volume = { 13 },
}

@article{Che,
  language = { english },
  title = { Injectivity theorem for homotopy invariant presheaves with Witt-transfers },
  author = { K. Chepurkin },
  year = { 2017 },
  journal = { St. Petersburg Math. J. },
  pages = { 291–297 },
  volume = { 28:2 },
}



@article{LLL,
  language = { english },
  title = { Factoring polynomials with rational coefficients },
  author = { A.K. Lenstra, H.W. Lenstra Jr., L. Lovasz },
  year = { 1982 },
  journal = { Mathematische Annalen },
  pages = { 515-534 },
  volume = { 261 },
}

 

@book{PrasLin,
  language = { russian },
  title = { Задачи и теоремы линейной алгебры },
  author = { В.В. Прасолов },
  year = { 2008 },
}

@book{PrasPoly,
  language = { russian },
  title = { Многочлены },
  author = { В.В. Прасолов },
  publisher = { МЦНМО },
  year = { 2003 },
}

@book{VonzurGarthen,
  language = { english },
  title = { Modern computer algebra },
  author = { J. von zur Gathen , J. Gerhard },
  year = { 2013 }, 
  publisher = { Cambridge University Press }
}

@book{DiniPan,
  language = { english },
  title = { Polynomial and Matrix Computations. Fundamental Algorithms. Volume 1 },
  author = { D. Bini, V. Y. Pan },
  year = { 1994 }, 
  publisher = { Birkhäuser }
}


@book{Kost1,
  language = { russian },
  title = { Введение в алгебру. Часть 1. Основы алгебры },
  author = { А.И. Кострикин },
  year = { 2004 },
}

@book{Kost2,
  language = { russian },
  title = { Введение в алгебру. Часть 2. Линейная алгебра },
  author = { А.И. Кострикин },
  year = { 2000 },
}

@book{Kost3,
  language = { russian },
  title = { Введение в алгебру. Часть 3. Основные структуры },
  author = { А.И. Кострикин },
  year = { 2004 },
}

@book{ShaBasic,
  language = { russian },
  title = { Основные понятия алгебры },
  author = { И.Р. Шафаревич },
  year = { 1986 },
}


@article{Eisen,
  language = { english },
  title = { Commutatative Algebra with a View toward Algebraic Geometry },
	journal = { Graduate Texts in Mathematics },
	volume = {150},
	publishing = { Springer },
  author = { Eisenbud D.},
  year = { 1995 },
}


@book{AHU,
  language = { english },
  title = {The design and analysis of computer algorithms},
  publishing = { Addison-Wesley Pub. Co },
  author = { Aho Alfred; Hopcroft John; Ullman Jeffrey},
  year = { 1974 },
}



@book{PGA,
  language = { english },
  title = {Permutation Group Algorithms},
  publishing = { Cambridge University Press },
  author = {Akos Seress},
  year = { 2002 },
}


@book{CCN ,
  language = { english },
  title = {Atlas of Finite Groups},
  publishing = { Clarendon Press, Oxford },
  author = {Conway, Curtis, Norton et.al.},
  year = { 1985 },
}



@book{GLS ,
  language = { english },
  title = {The Classification
of the Finite
Simple Groups},
  publishing = {American Mathematical Society },
  author = {Daniel Gorenstein,
Richard Lyons,
Ronald Solomon },
  year = { 1994 },
}